@Inbook{hid-sp18-515-editor00,
  author = 	 "",
  editor =       "",
  title =        "wikipedia",
  subtitle =     "",
  series =       "",
  year =         "2018",
  volume = 	 "",
  address =      "",
  edition =      "",
  publisher =    "",
  doi = 	 "",
  url = 	 "https://en.wikipedia.org/wiki/Oracle_NoSQL_Database",
  OPTchapter = 	 "",
  OPTpages = 	 "",
  OPTnumber = 	 "",
  OPTtype = 	 "",
  OPTmonth = 	 "",
  OPTnote = 	 "",
}

@Inbook{hid-sp18-515-editor01,
  author = 	 "Oracle Corporation",
  editor =       "",
  title =        "Oracle NoSQL Database ",
  subtitle =     "An Oracle White Paper ",
  series =       "",
  year =         "2012",
  volume = 	 "",
  address =      "Redwood Shores, CA 94065 U.S.A",
  edition =      "",
  publisher =    "",
  doi = 	 "",
  url = 	 "http://www.oracle.com/technetwork/database/nosqldb/learnmore/nosql-wp-1436762.pdf",
  OPTchapter = 	 "",
  OPTpages = 	 "",
  OPTnumber = 	 "",
  OPTtype = 	 "",
  OPTmonth = 	 "",
  OPTnote = 	 "",
}

@Inbook{hid-sp18-515-editor02,
  author =       "MS-MB-DR-TG-AC",
  editor =       "",
  title =        "nosql-database-498041",
  subtitle =     "",
  series =       "",
  year =         "2018",
  volume =       "",
  address =      "Redwood Shores, CA 94065, USA",
  edition =      "",
  publisher =    "",
  doi =          "",
  url =          "file:///D:/Indiana%20Univesity/Big%20Data%20software%20and%20projects/nosql-database-498041.pdf",
  OPTchapter =   "",
  OPTpages =     "",
  OPTnumber =    "",
  OPTtype =      "",
  OPTmonth =     "",
  OPTnote =      "",
}
