@Misc{hip-sp18-515-www-couchdb,
title = {Apache CouchDB},
url = {http://couchdb.apache.org/},
howpublished = {Web},
note = {Accessed: 2018-02-18},
}

@Misc{hid-sp18-515-www-hadoop,
title = {Apache Hadoop},
url = {http://hadoop.apache.org/},
howpublished = {Web},
note = {Accessed: 2018-02-18},
}

@Misc{hid-sp18-515-www-hbase,
title = {Apache HBase},
url = {https://hbase.apache.org/},
howpublished = {Web},
note = {Accessed: 2018-02-18},
}
