@Inbook{editor00,
  author = 	 "Art Markman, Ph.D",
  editor =       "",
  title =        "",
  subtitle =     "",
  series =       "",
  year =         "2017",
  volume = 	 "",
  address =      "",
  edition =      "",
  publisher =    "University of Texas Bio",
  doi = 	 "",
  url = 	 "https://www.psychologytoday.com/us/blog/ulterior-motives/201709/using-big-data-study-psychology",
  OPTchapter = 	 "",
  OPTpages = 	 "",
  OPTnumber = 	 "",
  OPTtype = 	 "",
  OPTmonth = 	 "",
  OPTnote = 	 "",
}

@Inbook{las-example00,
  author = 	 "Gregor von Laszewski",
  editor =       "Ian Editor",
  title =        "The title of book one",
  subtitle =     "The book subtitle",
  series =       "The name of the series one",
  year =         "2007",
  volume = 	 "9",
  address =      "Chicago",
  edition =      "1st.",
  publisher =    "University of Chicago Press",
  doi = 	 "10.1007/3-540-09237-4",
  url = 	 "http://dx.doi.org/10.1007/3-540-09456-9",
  OPTchapter = 	 "",
  OPTpages = 	 "",
  OPTnumber = 	 "",
  OPTtype = 	 "",
  OPTmonth = 	 "",
  OPTnote = 	 "",
}
